%% This BibTeX bibliography file was created using BibDesk.
%% https://bibdesk.sourceforge.io/

%% Created for Marco Piangerelli at 2019-09-30 12:48:04 +0200 


%% Saved with string encoding Unicode (UTF-8) 

@misc{ enwiki:1023769301,
    author = "{Wikipedia contributors}",
    title = "MQTT --- {Wikipedia}{,} The Free Encyclopedia",
    year = "2021",
    url = "https://en.wikipedia.org/w/index.php?title=MQTT&oldid=1023769301",
    note = "[Online; accessed 3-July-2021]"
  }
